<record><leader>00000cas a2200000 a 4500</leader><controlfield tag="001">36653344</controlfield><controlfield tag="008">970331c19269999cauwr ne      0    0eng c</controlfield><datafield ind1=" " ind2=" " tag="010"><subfield code="a">sn 97060702 </subfield></datafield><datafield ind1=" " ind2=" " tag="040"><subfield code="a">CNK</subfield><subfield code="b">eng</subfield><subfield code="c">CNK</subfield><subfield code="d">OCLCQ</subfield><subfield code="d">CNK</subfield><subfield code="d">ORU</subfield><subfield code="d">OCLCQ</subfield><subfield code="d">OCLCF</subfield><subfield code="d">OCLCO</subfield></datafield><datafield ind1="1" ind2=" " tag="029"><subfield code="a">AU@</subfield><subfield code="b">000013197133</subfield></datafield><datafield ind1=" " ind2=" " tag="042"><subfield code="a">pcc</subfield></datafield><datafield ind1=" " ind2=" " tag="043"><subfield code="a">n-us-ca</subfield></datafield><datafield ind1="0" ind2="4" tag="245"><subfield code="a">The Butte Valley star.</subfield></datafield><datafield ind1=" " ind2=" " tag="260"><subfield code="a">Dorris, Calif. :</subfield><subfield code="b">[s.n.]</subfield></datafield><datafield ind1=" " ind2=" " tag="300"><subfield code="a">v.</subfield></datafield><datafield ind1=" " ind2=" " tag="310"><subfield code="a">Weekly</subfield></datafield><datafield ind1="0" ind2=" " tag="362"><subfield code="a">Vol. 1, no. 1 (Oct. 29, 1926)-</subfield></datafield><datafield ind1=" " ind2=" " tag="530"><subfield code="a">Master negatives are available for duplication from:</subfield><subfield code="b">California Newspaper Microfilm Archive;</subfield><subfield code="c">positive copies may be purchased by the reel; for further information consult the CNMA at:</subfield><subfield code="u">http://cbsr.ucr.edu</subfield></datafield><datafield ind1=" " ind2=" " tag="580"><subfield code="a">Issued also in an edition for Keno, Or (called: Keno star, &lt;-Mar. 1981&gt;; and The star (Keno Ed.), Apr.-May 1981).</subfield></datafield><datafield ind1=" " ind2="0" tag="651"><subfield code="a">Siskiyou County (Calif.)</subfield><subfield code="v">Newspapers.</subfield></datafield><datafield ind1=" " ind2="7" tag="655"><subfield code="a">Newspapers.</subfield><subfield code="2">fast</subfield><subfield code="0">(OCoLC)fst01423814</subfield></datafield><datafield ind1=" " ind2="7" tag="651"><subfield code="a">California</subfield><subfield code="z">Siskiyou County.</subfield><subfield code="2">fast</subfield><subfield code="0">(OCoLC)fst01207041</subfield></datafield><datafield ind1=" " ind2=" " tag="752"><subfield code="a">United States</subfield><subfield code="b">California</subfield><subfield code="c">Siskiyou</subfield><subfield code="d">Dorris.</subfield></datafield><datafield ind1="1" ind2=" " tag="775"><subfield code="t">Keno star (1981)</subfield><subfield code="w">(DLC)  2012260083</subfield><subfield code="w">(OCoLC)794293303</subfield></datafield><datafield ind1="1" ind2=" " tag="775"><subfield code="t">Star (Keno star ed.)</subfield><subfield code="w">(DLC)  2012260082</subfield><subfield code="w">(OCoLC)794293305</subfield></datafield></record>